


@proceedings{KCM98,
  author    = {Anthony S. Kosky and I-Min A. Chen and Victor M. Markowitz and Ernest Szeto},
  title     = {{E}xploring {H}eterogeneous {B}iological {D}atabases : {T}ools and {A}pplications},
  booktitle = {EDBT},
  publisher = {Springer},
  series    = {Lecture Notes in Computer Science},
  volume    = {1377},
  year      = {1998},
  isbn      = {3-540-64264-1},
}



@InProceedings{JLR99,
  author = 	 {Kim Jungfer and Ulf Leser and Patricia Rodriguez-Tom\'e},
  title = 	 {{C}onstructing {IDL} {V}iews on {R}elational {D}atabases},
  booktitle = 	 {CAiSE},
  publisher = {Springer},
  series    = {Lecture Notes in Computer Science},
  volume    = {1626},
  year      = {1999},
  isbn      = {3-540-66157-3},
}



@Misc{LSR00,
  title = 	 {{L}ife {S}ciences {R}esearch},
  year = 	 {2000},
  note = 	 {http://lsr.ebi.ac.uk/},
}


@Booklet{Ber96,
  title = 	 {l'{A}nalyse des {G}enomes},
  author = 	 {Alain Bernot},
  published = {Nathan},
  year = 	 {96}
}




@Article{BLL99,
  author = 	 {Emmanuel Barillot and Ulf Leser and Philip Lijnzaad and Christophe Cussat-Blanc and Kim Jungfer and Fridiric Guyon and Guy Vaysseix and
Carsten Helgesen and Patricia Rodriguez-Tome},
  title = 	 {{A Proposal for a Standard CORBA Interface for Genome
Maps}},
  journal = 	 {Bioinformatics},
  year = 	 {1999},
}

