@InProceedings{PMe,
  author = 	 {B. Pernici and M. Mecella},
  title = 	 {{Designing Components for e-Services}},
  booktitle = 	 {Proceedings of the VLDB Workshop on Technologies for e-Services
(VLDB-TES 2000), Cairo, Egypt,},
  year = 	 {2000},

}

@InProceedings{KCD,
  author = 	 {P. Koksal and I. Cingil and A. Dogac},
  title = 	 {{A Component-Based Workflow System with Dynamic Modifications}},
  booktitle = 	 {In Proc. of Next Generation Information
Technologies and Systems (NGITS '99)},
  year = 	 {1999},
  publisher = {Springer-Verlag},
  note = 	 {Lecture Notes},
}

