




@InProceedings{DOHHE01,
  author =  {M. Dumas and J. O'Sullivan and M. Heravizadeh and A. ter Hofstede and D. Edmond},
  title = 	 {{Towards a Semantic Framework for Service Description}},
  booktitle = 	 {Proc. of the IFIP Conference on Database Semantics. Hong Kong, April 2001. Kluwer Academic Publishers},
  year = 	 {2001}
}

@INPROCEEDINGS{KWB,
  author =       {G. Kappel and B. Proll and S. Rausch-Schott and W. Resschitzegger},
  title =        {{Enabling Technologies for Electronic Commerce}},
  BOOKTITLE ="{the XV. IFIP WorldComputer Congress, Vienna/Austria and Budapest/HungaryInt.}",
  YEAR = 1998
}

@inproceedings{AACEMM,
  author    = {S. Abiteboul and
               B. Amann and
               S. Cluet and
               A. Eyal and
               L. Mignet and
               T. Milo},
  title     = {{Active Views for Electronic Commerce}},
  booktitle = {VLDB'99, Proceedings of 25th International Conference on Very
               Large Data Bases, September 7-10, 1999, Edinburgh, Scotland,
               UK},
  publisher = {Morgan Kaufmann},
  year      = {1999},
  isbn      = {1-55860-615-5}
}


@TechReport{Ail99,
  author = 	 {S. Aileret},
  title = 	 {{Rules Manager pour Active Views}},
  institution =  {INRIA},
  year = 	 {1999}

}




@inproceedings{DBLP:conf/vldb/Tygar98,
  author    = {J. D. Tygar},
  title     = {{Atomicity versus Anonymity: Distributed Transactions for Electronic Commerce}},
  booktitle = {VLDB'98, Proceedings of 24rd International Conference on Very
               Large Data Bases, August 24-27, 1998, New York City, New York,
               USA},
  publisher = {Morgan Kaufmann},
  year      = {1998},
  isbn      = {1-55860-566-5}
}


@InProceedings{DDN98,
  author = 	 {Asuman Dogac and Ilker Durusoy and Sena Nural Arpinar and Nesime Tatbul and Pinar Koskal and Ibrahim Cingil and Nazife Dimililer},
  title = 	 {{A Workflow-based Electronic Marketplace on the Web}},
  booktitle = 	 {SIGMOD},
  pages = 	 {25-31},
  year = 	 {1998},
  volume = 	 {27}
}

