%-------------------------------------------------------------------------------
%  Events
%-------------------------------------------------------------------------------


 
@string  { DOOD = { Int. Conf. Deductive and Object-Oriented Databases} }

%----------------------------------------------------------------------------
%% SGBD actifs

@INPROCEEDINGS{Cha94a,
   author    = {S. Chakravarthy and V. Krishnaprasad and E. Anwar and
                  S-K. Kim},
   title     = {{Composite Events for Active Databases: Semantics, Contexts and Detection}},
   BOOKTITLE = PROC # {20th} # VLDB,
   Editor = {J. Bocca, M. Jarke and C. Zaniolo},
   PAGES = {606-617},
   PUBLISHER = {Morgan Kaufmann},
   ADDRESS = {Santiago - Chile},
   MONTH = sep,
   YEAR = 1994  
}

@INPROCEEDINGS{GGD93,
   AUTHOR = "S. Gatziu and A. Geppert and K.R. Dittrich",
   TITLE = "{Events in an Active Object-Oriented Database System}",
   booktitle = PROC # {1st Int. Workshop on Rules in Database Systems},
   ADDRESS = "Edinburg - Scotland",
   month     = aug,
   YEAR = 1993  }

@techreport{Poitou96,
author={A. Poitou},
title="{Un mod\`{e}le d'\'{e}v\'{e}nements duratifs. Application \`{a} un
SGBD temporel et actif}",
institution={LSR -- IMAG},
type={Rapport de DEA d'Informatique~: Syst\`{e}mes et Communications},
note = {80 pages},
month={Juin},
year={1996}
}

@techreport{AlFe,
author={J. F. Allen and G. Ferguson},
title="{Actions and Events in Interval Temporal Logic}",
institution={The University of Rochester},
number={Technical Report 521},
month={July},
year={1994}
}


%---------------------------------------------------
% Definition
%---------------------------------------------------
@techreport{Cha93a,
   author    = {S. Chakravarthy and D. Mishra},
   title     = "{Snoop: An Expressive Event Specification Language For
		  Active Databases}", 
   institution = {University of Florida},
   year      = 1993,
   month     = mar,
   address   = {Gainesville, USA},
   number    = {UF-CIS-TR-93-007}
}

@Unpublished{Cha99,
  author =       {S. Chakravarthy and S. Yang},
  title =        {Formal Semantics of Composite Events in Distributed Environments},
  year =      {1999}
}

@inproceedings{GJS92a,
   author    = {N. Gehani and H.V. Jagadish and O. Shmueli},
   title     = "{Event Specification in an Active Object-Oriented Database}",
   booktitle = PROC # 1992 # ACM-SIGMOD,
   year      = 1992,
   address   = {San Diego, California},
   pages     = {81-90}
}


@inproceedings{GJS92b,
   author    = {N.H. Gehani, H.V. Jagadish, O. Shmueli},
   title     = "{Composite Event Specification in Active Databases: Model \& Implementation}",
   booktitle = PROC # {18th} # VLDB,
   year      = 1992,
   month     = sep
}

@inproceedings{MZ95,
   author    = {I. Motakis and C. Zaniolo},
   TITLE = {{Composite Temporal Events in Active Database Rules: A
		  Logic-Oriented Approach}},
   BOOKTITLE = "DOOD'95",
   EDITOR = " ",
   PAGES = " ",
   PUBLISHER = " ",
   ADDRESS = "Singapore",
   MONTH = dec,
   YEAR = 1995  
}

@Unpublished{MoZa,
  author =       {I. Motakis and C. Zaniolo},
  title =        {A Formal Semantics for Composite Temporal Events in Active Database Rules},
  school =  {University of California},
  adress =         {Departement of Computing Science},
  year =      {1998}
}

@InProceedings{Ro97,
  author =       {C.L. Roncancio},
  title =        {Toward duration-based, constrained and dynamic event
                  types},
  booktitle =    {"Workshop on Active, Real-Time and Temporal Databases
                  (ARDBT'97)"},
  year =      {1997},
  address =   {Como, Italy},
  month =     {September}
}

@Unpublished{SCT,
  author =       {G. Starovic and V. Cahill and B. Tangney},
  title =        {The ECO model : events + constraints + objects},
  school =  {Tinity College Dublin},
  year =      {1998}
}


@inproceedings{TeCi94,
        author = {M. Teisseire and R. Cicchetti},
        title = {An {A}lgebraic {A}pproach for {E}vent-{D}riven {M}odelling},
        booktitle = PROC # {5th} # DEXA # {(DEXA\/'94)}, 
        year = {1994},
        address = {Athens - Greece},
        series = {Lecture Notes in Computer Science},
        month = sep
}


@TechReport{Zimmer96,
  author =       {D. Zimmer},
  title =        {A Formal Metamodel for the Definition of the Semantics of Complex Events},
  institution =  {University of Paderborn},
  year =         {1996},
  number =    {D-33102 Paderborn},
  Taddress =   {Germany},
  month =     {December}
}

@Unpublished{Zimmera,
  author =       {D. Detlef and R. Unland},
  title =        {A General Model for Event Specification in Active Database Management Systems},
  school =  {University of Paderborn},
  adress =         {Germany},
  year =      {1998}
}


@PhdThesis{Zimmer98,
  author =       {D. Zimmer},
  title =        {Ein Meta-Modell für die Definition der Semantik von komplexen Ereignissen in aktiven Databankmanagementsystemen},
  school =       {University of Paderborn},
  year =         {1998},
  address =   {Germany},
}



%---------------------------------------------------
% Detection, Production and Notification
%---------------------------------------------------
@Unpublished{Al-Shaer,
  author =       {E.S Al-Shaer},
  title =        {High-performance Event Filtering for Distributed Dynamic Multi-point Applications : Survey and Evaluation},
  note =         {Old Dominon University}
}

@techreport{Cha93b,
   author    = {S. Chakravarthy and V. Krishnaprasad and E. Anwar and S-K. Kim},
   title     = {{Anatomy of a Composite Event Detector}},
   institution = {University of Florida},
   year      = 1993,
   month     = dec,
   address   = {Gainesville, USA},
   number    = {UF-CIS-TR-93-039}
}

@MastersThesis{Li97,
  author =       {H. Liao},
  title =        {{Global events in Sentinel : Design and
                  Implementation of a global event detector}},
  school =       {ECE University of Florida},
  month = {March},
  year =         {1997},
  address =   {Gainsville, USA},
}

@incollection{GD94,
   author    = {S. Gatziu and K.R. Dittrich},
   title     = {{Detecting Composite Events in Active Database
       Systems using Petri Nets}},
   booktitle = PROC # {4th Int. Workshop on Research Issues in
       Data Engineering: Active Database Systems},
   year      = 1994,
   month     = feb ,
   publisher = {IEEE},
   address   = {Houston}
}

@MastersThesis{Mellin98,
  author =       {J. Mellin},
  title =        {Multi-purpose predictable event monitoring},
  school =       {Swedish University},
  year =         {1998},
  address =   {Sweden},
  month =     {October},
  note =      {Draft}
}


@Article{BaeGod98,
  author =       {L. Baekgaard and J.C. Godskesen},
  title =        {Real-time event control in active databases},
  journal =      {The Journal of Systems and Software},
  year =         {1998},
  OPTnumber =    {42},
  OPTpages =     {263-271},
  OPTmonth =     {January}
}

@TechReport{Mel96,
  author =       {J. Mellin},
  title =        {{Event monitoring and detection in distributed
                  real-time systems: a survey}},
  institution =  {University of Skovde, Dept. of computer science},
  year =         {1996},
  number =    {HS-IDA-TR-96-006},
  address =   {Skovde, Sweden},
  month =     {June}
}

@Unpublished{Ret98,
  author =       {W. Retschitzegger},
  title =        {{Composite Event Management in TriGS -- Concepts and Implementation}},
  school =  {University of Linz},
  adress =         {Austria},
  year =      {1998}
}


%----------------------------------------------------------------------------
%% Communication par événements

@PHDTHESIS{Len96,
   AUTHOR = "E. Lenormand",
   TITLE = "{Communication par \'{e}v\'{e}nements dans les mod\`{e}les
\`{a} objets}", 
   SCHOOL = "{University of Joseph Fourier}",
   MONTH = {novembre},
   YEAR = 1996 }


 
@Article{Field,
  author = 	 {S. Reiss},
  title = 	 {Connecting Tools Using Message Passing in the Field Environment},
  journal = 	 {IEEE SOftware},
  year = 	 {1990},
  month = 	 {July}
}

@Book{ToolTalk,
  author = 	 {A.M. Julienne and B. Holtz},
  title = {ToolTalk and open protocols, inter-application communication},
  publisher = 	 {Prentice-Hall},
  year = 	 {1994},
  address = 	 {New Jersey}
}



@Article{SoftBench,
  author = 	 {M.R. Cagan},
  title = 	 {The {HP} {SoftBench} environment: an architecture for a new generation of software tools},
  journal = 	 {Hewlett-Packard Journal: technical information from the laboratories of Hewlett-Packard Company},
  year = 	 {1990},
  volume = 	 {3},
  number = 	 {41}, 
  month = 	 {June}
}



@Article{DecFuse,
  author = 	 {R.O. Hart and G. Lupton},
  title = 	 {DEC FUSE: Building a graphical software development environment from UNIX tools},
  journal = 	 {Digital Technical Journal of Digital Equipment Corporation},
  year = 	 {1995},
  volume = 	 {7},
  number = 	 {2},
  month = 	 {Srping}
}

@Misc{TIBCO,
  key = 	 {TIBCO},
  author = 	 {TIBCO Inc.},
  title = 	 {Rendezvous Information Bus},
  year = 	 {1996},
  note = 	 {http://www.rv.tibco.com/rvwhitepaper.html}
}


@Misc{USENET,
  key = 	 {USENET},
  Tauthor = 	 {B. Kantor and P. Lapsley},
  Ttitle = 	 {Network News Transfer Protocol - A Proposed Standard for the Stream-Based Transmission of News},
  howpublished = {Internet Requests For Comments (RFC)977},
  month = 	 {February},
  year = 	 {1986}
}

%----------------------------------------------------
% Mise au point
%----------------------------------------------------

@INPROCEEDINGS{BGB95,
  AUTHOR = {E. Benazet and H. Guehl and M. Bouzeghoub},
  TITLE ={{VITAL: a visual tool for analysis of rules behavior in active databases}},
  BOOKTITLE =  PROC # {{Second}} # {{Int. Workshop on Rules in
		  Database Systems, (RIDS-95)}}, 
  Editor = "T. Sellis",
  YEAR = 1995,
  ADDRESS = {Athens - Greece},
  MONTH = {September 25-27},
  PAGES = {182-196}
}

@INPROCEEDINGS{CTZ95,
  AUTHOR = {S. Chakravarthy and Z. Tamizuddin and J. Zhou},
  TITLE ={{A visualisation and explanation tool for debugging ECA
		  rules in active databases}},
   Editor = "T. Sellis",
  YEAR = 1995,
  ADDRESS = {Athens - Greece},
  MONTH = {September 25-27},
  PAGES = {197-209}
}


@techreport{DJP93,
   author    = {O. D\'{\i}az and A. Jaime and N. Paton},
   title     = {{DEAR: A DEbugger for Active Rules in object-oriented
		  context}},
   BOOKTITLE = PROC # {1st Int. Workshop on Rules in Databases Systems},
   EDITOR = "N. Paton et M. Williams",
   PAGES = "306-315",
   PUBLISHER = "Springer Verlag",
   ADDRESS = "Edinburgh - , Scotland",
   MONTH = sep,
   YEAR = 1993  
}

@inproceedings{For95,
   author    = {T. Fors},
   title     = "{Vizualization of Rule Behavior in Active Databases}",
   booktitle = proc # {3rd Working Conference on Visual Database
                  Systems, VDB-3},
   year      = {1995},
   month     = mar,
   editor    = {IFIP, Working Group 2.6},
   publisher = {},
   address   = {Lauzanne, Switzerland},
   pages     = {191-209}
}


%---------------------------------------------------------------------------------
% Modélisation
%---------------------------------------------------------------------------------

@inproceedings{CIC:Front96a,
author = {A. Front and C. Roncancio and J.-P. Giraudin},
title = {Behavioral Situations and Active Databases Systems},
booktitle = {Workshop on Databases: Active and Real-Time (Concepts
                  meet Practice)},
editor = {ACM SIGART \& SIGIR},
pages = {59--62},
address = {Rockville, Maryland, USA},
month = {november},
year = {1996}
}

@INPROCEEDINGS{FRG96,
   AUTHOR = "A. Front, C. Roncancio and J-P. Giraudin",
   TITLE = "{Behavioral situations and active database systems}",
   BOOKTITLE = {Proc. of the International Workshop on Databases: Active \& Real-Time (DART'96)},
   PAGES = "293-305",
   ADDRESS = "Rockville, Maryland - USA",
   MONTH = nov,
   YEAR = 1996
}

@INPROCEEDINGS{Ger94,
   AUTHOR = "M. Gertz",
   TITLE = "{Specifying reactive integrity control for active
		  databases}",
   BOOKTITLE = PROC # {4th} # "Intl. Workshop on Research Issues
		  In Data Engineering - Active Database Systems",
   EDITOR = "Jennifer Widom and Sharma Chakravarthy",
   PAGES = "62-70",
   PUBLISHER = "IEEE",
   ADDRESS = "Houston, Texas - USA",
   MONTH = feb,
   YEAR = 1994  }


@inproceedings{TePo94b,
        author = {M. Teisseire and P. Poncelet and R. Cicchetti},
        title = {Dynamic {M}odelling {w}ith {E}vents},
        booktitle = PROC # {6th} # {Int. Conference
		  on Advanced  Information Systems Engineering
		  (CAiSE\/'94)}, 
        year = {1994},
        address = {Utrecht, The NetherLands},
        series = {Lecture Notes in Computer Science},
        month = jun
}


@inproceedings{TePo94a,
        author = {M. Teisseire and P. Poncelet and R. Cicchetti},
        title = {Towards {E}vent-{D}riven {M}odelling for {D}atabase {D}esign},
        booktitle = PROC # {20th} # VLDB,
        year = {1994},
        address = {Santiago - Chile},
        month = {September 12-15}
}



%------------------------------------------------------------------------
% Calcul d'événements
%------------------------------------------------------------------------
@Article{KowalSergot86,
  author = 	 {R.A. Kowalski and M.J. Sergot},
  title = 	 {A Logic-based Calculus of Events},
  journal = 	 {New Generation Computing},
  year = 	 {1986},
  volume = 	 {4},
  number = 	 {1}
}

@Article{Kowalski92,
  author = 	 {R.A. Kowalski},
  title = 	 {Database Updates in the Event Calculus},
  journal = 	 {Journal of Logic Programming},
  year = 	 {1992},
  volume = 	 {12},
  number = 	 {"1-2"}
}

@InProceedings{Shanahan99,
  author = 	 {M. Shanahan},
  title = 	 {The Event Calculus Explained},
  booktitle = 	 {Lecture Notes in Computing Science},
  year = 	 {1999},
  editor = 	 {M.J. Wooldrige and M. Veloso},
  number = 	 {1600},
  publisher = {Springer Verlag}
}



@InBook{McCarthy69,
  author = 	 {J. McCarthy and P.J. Hayes},
  editor = 	 {D. Michie and B. Meltzer},
  title = 	 {Machine Intelligence 4},
  chapter = 	 {Some Philosophical Problems from the Standpoint of Aritificial Intelligence},
  publisher = 	 {Edimburgh University Press},
  year = 	 {1969}
}

@InProceedings{Pat97,
  author = 	 {O. Díaz and N.W. Paton},
  title = 	 { Stimuli and Business Policies as Modelling Constructs: their definition and
validation through the event calculus},
  booktitle = 	 {Proceedings of CAiSE},
  year = 	 {1997},
  editor = 	 { A. Olive and J. Pastor},
  publisher = {Springer Verlag}
}
