@inproceedings{Bhiri2005,
author = {Bhiri, Sami and Godart, C. and Perrin, O.},
booktitle = {EEE '05. Proceedings. The 2005 IEEE International Conference on e-Technology, e-Commerce and e-Service, 2005},
pages = {15--21},
title = {{Reliable Web services composition using a transactional approach}},
year = {2005}
}

@inproceedings{Chan2008,
author = {Chan, P.P.W. and Lyu, M.R.},
booktitle = {22nd International Conference on Advanced Information Networking and Applications (AINA)},
pages = {20--25},
title = {{Dynamic Web Service Composition: A New Approach in Building Reliable Web Service}},
year = {2008}
}

@inproceedings{Charfi2006,
author = {Charfi, Anis and Schmeling, Benjamin and Heizenreder, Andreas and Mezini, Mira},
booktitle = {ECOWS '06. 4th European Conference on Web Services, 2006},
pages = {23--34},
title = {{Reliable, Secure, and Transacted Web Service Compositions with AO4BPEL}},
year = {2006}
}

@article{Hwang2008,
author = {Hwang, San-Yih and Lim, Ee-Peng and Lee, Chien-Hsiang and Chen, Cheng-Hung},
journal = {IEEE Transactions on Services Computing},
number = {2},
pages = {104--116},
title = {{Dynamic Web Service Selection for Reliable Web Service Composition}},
volume = {1},
year = {2008}
}

@article{Oh2011,
author = {Oh, Je Yeon and Cho, Nam Wook and Kim, Hoontae and Min, Yunhong and Kang, Suk-Ho},
journal = {Information Sciences Consulting, Inc. (ISCI)},
number = {2},
pages = {351--361},
title = {{Dynamic execution planning for reliable collaborative business processes}},
volume = {181},
year = {2011}
}

@inproceedings{Spiess2009,
author = {Spiess, P. and Karnouskos, S. and Souza, L. and Savio, D. and Guinard, D. and Trifa, V. and Baecker, O. and Koehler, M.},
booktitle = {In Proc. 7th IEEE International Conference on Industrial Informatics 2009},
pages = {533--538},
title = {{Reliable execution of business processes on dynamic networks of service-enabled devices}},
year = {2009}
}

@article{1,
author = {A., Arsanjani and S., Ghosh, and A., Allam and T., Abdollah and S., Ganapathy and K., Holley},
journal = {IBM System Journal},
number = {3},
title = {{SOMA: A method for developing service-oriented solutions}},
volume = {47},
year = {2008}
}

@inproceedings{2,
author = {A., Brown  et. al},
booktitle = {Rational Software},
title = {{SOA Development Using the IBM Rational Software Development Platform: A Practical Guide}},
year = {2005}
}

@article{5,
author = {M. Papazoglou and P. Traverso and S. Dustdar and F. Leymann},
journal = {IEEE Computer},
number = {11},
title = {{Service-Oriented Computing: State of the Art and Research Challenges}},
volume = {40},
year = {2007}
}


@article{4,
author = {Papazoglou, M. P. and WJ van den Heuvel},
journal = {Communications of ACM},
title = {{Business Process Development Lifecyle Methodology}},
year = {2007}
}

@book{bell,
author = {M. Bell},
editor = {Wiley, New Jersey},
title = {{Service-Oriented Modeling:  Service Analysis, Design, and Architecture}},
year = {2008}
}

@article{schmidt,
author = {D.C. Schmidt},
journal = {IEEE Computer},
title = {{Model-Driven Engineering},
volume = {39},
number = {2},
year = {2006}
}

@miscelaneous{watson,
author = {A. Watson},
title = {A Brief History of {MDA}},
volume = {IX},
number = {2},
year = {2008}
}

@unpublished{miller,
author = {J. Miller and J. Mukerji},
title = {MDA Guide},
url  = {http://www.omg.org/cgi-bin/doc?omg/03-06-01},
number = {Version 1.0.1},
year = {2003}
}
