%-----------------------------------------------------------------------------------
% Services Distribution and Open Systems
%----------------------------------------------------------------------------------


@inproceedings{Amo95,
author={R. Amouroux},
title={Reactive services for supporting tool integration in a development
environment},
booktitle={Tools},
address = {USA},
editor = {R. Ege and M. Singh and B. Meyer},
publisher = {Prentice Hall},
pages = {61-70},
month = {august},
year = {1995}
}

@inproceedings{BKK97,
AUTHOR		="G. Bültzingsloewen and A. Koschel and R. Kramer",
TITLE		="{Accept Heterogeneity : An Event Monitoring Service
                  for CORBA-based Heterogeneous Information Systems }",
BOOKTITLE	= PROC # "{Second IFICS International Conference on
                  Cooperative Information Systems CoopIS96}",
MONTH		= {June},
YEAR		=1997,
ADDRESS		= "South Carolina, USA"
}




@Article{KL98,
  author = 	 {A. Koschel and P.C. Lockemann},
  title = 	 {Distributed events in active database systems: Letting the genie out of the bottle},
  journal = 	 {Data and Knowledge Engineering},
  year = 	 {1998},
  volume = 	 {25}
}

%-------------------------------------
% Frameworks
%-------------------------------------
@inproceedings{BK90,
   author    = {N.S. Barghouti and G.E. Kaiser},
   title     = {{Modeling Concurrency in Rule-based Software Development Environments}},
   booktitle = {{Object-Oriented Programming, IEEE Expert}},
   year      = 1990,
   month     = dec
}

@inproceedings{BK91b,
   author    = {N.S. Barghouti and G.E. Kaiser},
   title     = {{Scaling up rule-based software development environments}},
   booktitle = {{3rd European Software Engineering Conf.}},
   year      = 1991,
   month     = oct,
   address   = {Milan - Italy}
}

@article{Dit86,
   author    = "K. {Dittrich {et al.}}",
   title     = {{An Event/trigger Mechanism to enforce Complex
       Consistency Constraints in Design Databases}},
   journal   = {SIGMOD Record},
   year      = 1986,
   month     = sep,
   volume    = 15,
   number    = 3
}

@article{KLS92,
   author    = {W. Kim and Y-J. Lee and J. Seo},
   title     = {{A framework for supporting triggers in object-oriented database systems}},
   journal   = {Int. Journal of Intelligent and Cooperative Information Systems},
   year      = 1992,
   month     = mar,
   volume    = 1,
   number    = 1,
   pages     = {127-143}
}


@techreport{SJC94,
   author    = {S.Y.W. Su and R. Jawadi and P. Cherukuri and Q. Li
       and R. Nartey},
   title     = "{{$\mbox{OSAK}^*$.KBMS/P}: A Parallel, Active,
		  Object-Oriented Knowledge Base Server}", 
   institution = {University of Florida},
   year      = 1994,
   address   = {Gainesville},
   number    = {{TR94-031}},
   type      = {Technical Report}
}


@INPROCEEDINGS{omar94:Saint-Louis,
    AUTHOR       = {R.~King and O.~Boucelma and J.~C.~Franchitti},
    TITLE        = {{An Interoperability Framework with Active Database Features}}, 
     BOOKTITLE   = "Software Environments Workshop II",
    YEAR         = 1994,
    MONTH        = "September 21-23",
    NUMBER       = "",
    ADDRESS      = "Saint-Louis, MO"
}
%    MONTH        = "September 21-23",

@Unpublished{KDGM98,
  author =       {P. Konana and J. Durret and G. Lui and A. Mok},
  title =        {Design of Time Cognizant Brokerages},
  adress =         {University of Texas Austin},
  year =      {1998}
}

@PhdThesis{Berndtsson98,
  author =       {M. Berndtsson},
  title =        {Active capability support for cooperation strategies in cooperative information systems},
  school =       {University of Exeter},
  year =         {1998},
  month =     {July}
}

@inproceedings{CVR98a,
  author = {C. Collet and G. Vargas-Solar and H. Grazziotin-Ribeiro},
  title =        {Toward a Semantic Event Service for Database Applications},
  year =         {1998},
  booktitle = {les actes des 14ièmes Journées Bases de Données
                  Avancées},
  address =   {Hammamet- Tunisie},
  month =     {october}
}

@inproceedings{CVR98b,
  author = {C. Collet and G. Vargas-Solar and H. Grazziotin-Ribeiro},
  title =        {Toward a Semantic Event Service for Database Applications},
  year =         {1998},
  booktitle = {Proceedings of the 9th. International Conference, DEXA98. Lecture Notes in Computer Science Springer-Verlag},
  address =   {Viena-Austria},
  month =     {august}
}


@TechReport{CoVa99,
  author = 	 {C. Collet and G. Vargas-Solar},
  title = 	 {Flexible and semantic event managers: toward a seamless communication between distributed database applications},
  institution =  {LSR-IMAG},
  year = 	 {1999},
  address = 	 {Grenoble-France}
}


@inproceedings{CoRi99,
    author = 	 {H. Grazziotin-Ribeiro and C. Collet},
  title =        {Behavior of Active Rules within  Multi-Database Systems},
  year =         {1999},
  booktitle = {Proceedings of the XIV Symposium on Databases},
  address =   {Florianopolis-Brazil},
  month =     {october}
}

@inproceedings{VaCoRi99,
    author = 	 {G. Vargas-Solar and C. Collet and H. Grazziotin-Ribeiro},
  title =        {Specifying a component based active mechanism for Federated Database Systems},
  year =         {1999},
  booktitle = {Segundo Encuentro Nacional de Computación},
  address =   {Pachuca-Mexico},
  month =     {september}
}



@TechReport{CoVa99b,
  author = 	 {C. Collet and G. Vargas-Solar and H. Grazziotin-Ribeiro},
  title = 	 {Active capabilities for Federated Database Systems},
  institution =  {LSR-IMAG},
  year = 	 {1999},
  address = 	 {Grenoble-France}
}

@inproceedings{VaCoRi00,
    author = 	 {G. Vargas-Solar and C. Collet and H. Grazziotin-Ribeiro},
  title =        {Active Services for Federated Databases},
  year =         {2000},
  editor = 	 {ACM},
  booktitle = {Proceedings of the 14th. Annual Symposium of Applied Computing:SAC 2000},
  address =   {Como-Italy},
  month =     {march}
}

@inproceedings{Va00,
    author = 	 {G. Vargas-Solar},
  title =        {A Flexible Event Service for integrating distributed database applications},
  year =         {2000},
  booktitle = {Proceedings of the EDBT {PhD} Workshop 2000},
  address =   {Konstanz-Germany},
  month =     {april}
}


@TechReport{vldb2000submitted,
  author = 	 {C. Collet and G. Vargas-Solar},
  title = 	 {A flexible event service for database co-operating components},
  institution =  {LSR-IMAG},
  year = 	 {2000},
  type = 	 {Technical Report},
  OPTnumber = 	 {},
  address = 	 {Grenoble, France}
}

@Unpublished{vldb2000demo,
  author = 	 {C. Collet and G. Vargas-Solar and H. Grazziotin-Ribeiro},
  title = 	 {{ODAS}: Open and Distributed Active Services},
  note = 	 {Demontration proposal submitted to VLDB 2000}
}

@Unpublished{ideas2000,
  author = 	 {C. Collet and G. Vargas-Solar and H. Grazziotin-Ribeiro},
  title = 	 {Open Active Services for Data-Intensive Distributed Applications},
  note = 	 {submitted to IDEAS 2000}
}


@InProceedings{CoVaRi00:ideas,
  author = 	 {C. Collet and G. Vargas-Solar and H. Grazziotin-Ribeiro},
  title = 	 {Open Active Services for Data-Intensive Distributed Applications},
  booktitle = 	 {Proceedings of the },
  year = 	 {2000},
  address = 	 {Yokahama-Japan},
  month = 	 {September},
  publisher = {{IEEE}},
  note = 	 {To appear.},

}

@ARTICLE{Jae96,
  AUTHOR = {U. Jaeger},
  TITLE = {{SMILE - A framework for lossless Situation Detection}},
  JOURNAL = {},
  YEAR = 1996,
  VOLUME = {},
  NUMBER = {},
  MONTH = {},
  PAGES = {}
}

%-------------------------------------
% Distribution
%-------------------------------------

@INCOLLECTION{ActiveOSA95,
    AUTHOR       = {O.~Boucelma and J.~Dalrymple and M.~Doherty and
		  J.~C.~Franchitti and R.~Hull and R.~King and
		  G.~Zhou},  
    TITLE        = {{Incorporating Active and Multi-database-state
		  Services into an OSA-Compliant Interoperability
		  Framework}},  
    BOOKTITLE   = "The Collected Arcadia Papers, Second Edition, 1995",
    YEAR         = 1995,
    PUBLISHER = "University of California, Irvine"
}


@techreport{SJC94,
   author    = {S.Y.W. Su and R. Jawadi and P. Cherukuri and Q. Li
       and R. Nartey},
   title     =  { {$\mbox{OSAK}^*$.KBMS/P}:A Parallel  Active
		  Object-Oriented Knowledge Base Server} , 
   institution = {University of Florida},
   year      = 1994,
   address   = {Gainesville},
   number    = {{TR94-031}},
   type      = {Technical Report}
}


@InProceedings{CDF,
  author = 	 {G. Cugola and E. Di Nitto and A. Fuggetta},
  title = 	 {Exploiting an Event-Based Infrastructure to Develop Complex
Distributed Systems},
  booktitle = {Proc. of the Int. Conf. on Software Engineering (ICSE)},
  pages = 	 {261-270},
  year = 	 {1998},
  address = 	 {Kyoto, Japan},
  month = 	 {April 19-25},
  publisher = {IEEE Computer Society}
}

@INCOLLECTION{BKLW99,
    AUTHOR       = {G.von Bützingsloewen and A. Koschel and P.C. Lockemann and H.-D. Walter},
     editor =    {Paton, N. W.},  
    TITLE        = {{ECA Functionality in a Distributed Environment}},  
    BOOKTITLE   =  {Active Rules in
     Database Systems, Monographs in Computer Science},
    YEAR         = 1998,
    PUBLISHER =  {Springer Verlag}
}



%-------------------------------------
% Architecture
%-------------------------------------

@PhdThesis{SIENA99,
  author = 	 {A. Carzaniga},
  title = 	 {Architectures for an Event Notification Service scalable to wide-area networks},
  school = 	 {Politecnico di Milano},
  year = 	 {1998},
  address = 	 {Italy},
  month = 	 {December}
}