@misc{ casati00adaptive,
    author = "F. Casati and S. Ilnicki and L. Jin and V. Krishnamoorthy and M. Shan",
    title = "Adaptive and Dynamic Service Composition in eFlow",
    text = "Casati, F., Ilnicki, S., Jin, L., Krishnamoorthy, V., and Shan, M., Adaptive
      and Dynamic Service Composition in eFlow, HP Labs Technical Report, HPL-200039,
      Software Technology Laboratory, Palo Alto, CA, March, 2000. Available at:
      http://www.hpl.hp.com/techreports/2000/HPL-2000-39.pdf",
    year = "2000"
}