@article{decastro1,
    author = "V. De Castro, E. Marcos, R. Wieringa",
    title = "Towards a service-oriented MDA-based approach to the alignment of business processes with IT systems: From the business model to a web service composition model",
    journal = "International Journal of Cooperative Information Systems",
    volume = "18",
    number = "2",
    year = "2009"
}

@article{decastro2,
    author = {V., De Castro and E., Marcos and J.M., Vara},
    title = "Applying cim-to-pim model transformations for the service-oriented development of information systems",
    journal = "IInformation and Software Technology",
    volume = "53",
    number = "19",
    year = "2011"
}

@article{decastro3,
    author = "V. De Castro, E. Marcos, M.L. Sanz",
    title = "A model driven method for service composition modelling: a case study",
    journal = "International Journal on Web Engineering Technology",
    volume = "2",
    number = "4",
    year = "2006"
}



@misc{UML,
	title = {UML: OMG, 2003. UML Superstructure 2.0. OMG Adopted Specification ptc/03-08-02},
	url = {http://www.uml.org/},
	howpublished = {http://www.uml.org/}
}

@article{e3value,
    author = "J., Gordijn, J.M., Akkermans",
    title = "Value based requirements engineering: exploring innovative e-commerce idea",
    journal = "Requirements Engineering Journal",
    volume = "8",
    number = "2",
    year = "2003"
}
