
@TechReport{Anw96,
  author =       "E. Anwar",
  title =        {{An Extensible Approach To Realizing Extended Transaction Models}},
  institution =  "University of Florida",
  year =         "1996"
}

@Unpublished{CVS,
  author = 	 {G. Vargas-Solar and C. Collet},
  title = 	 {{ADEES, an Open Event-based Infrastructure for Distributed Information Systems}},
  note = 	 {Submitted to VLDB 2001}
}

@InProceedings{CVSGR,
  author = 	 {C. Collet and G. Vargas-Solar and H. Grazziotin-Ribeiro},
  title = 	 {{Open Active Services for Data-Intensive Distributed Applications}},
  booktitle = 	 {Proceedings of the 16{\`e}mes Journ{\'e}es Bases de Donn{\'e}es Avanc{\'e}es},
  year = 	 {2000}
}


@PHDTHESIS{Sou95,
   AUTHOR = {T. VAN DEN BERGHE},
   TITLE = {{A Methodological Framework For Active Application Development}},
   SCHOOL = {Universit\'e Catholique de Louvain},
   YEAR = {1999} 
}


@TechReport{Col,
  author = 	 {C. Collet},
  title = 	 {{Bases de Données Actives: des systèmes relationnels aux systèmes à objets}},
  institution =  {LSR-IMAG, Université Joseph Fourier},
  year = 	 {1996},
  note = 	 {Habilitation}
}

@Article{CC98,
  author = 	 {T. Coupaye and C. Collet},
  title = 	 {{Mod\`eles de comportement des {SGBD} actifs: caract\'erisation et comparaison}},
  journal = 	 {Technique et science informatiques},
  year = 	 {1998},
  volume = 	 {17},
  number = 	 {3}
}


@InProceedings{KRR99,
  author = 	 {G. Kappel and S. Rausch-Schott and W. Resschitzegger},
  title = 	 {{Transaction Support for DataWeb Applications -A Requirement's Perspective}},
  booktitle = 	 {Americas Conference on Information Systems},
  year = 	 {1999},
  volume = 	 {5}
}



@InProceedings{TJD,
  author = 	 {C. Tawbi and G. Jaber and M. Dalamu},
  title = 	 {{Activity Specification Using Rendezvous}},
  booktitle = 	 {Rules in Database Systems},
  year = 	 {1995},
  series = 	 {Lecture Notes in Computer Science},
  publisher = {Springer},
  address = 	 {Athens, Greece}
}


@InProceedings{Ron,
  author = 	 {C. L. Roncancio},
  title = 	 {{Toward duration-based, constrained and dynamic event types}},
  booktitle = 	 {ARTDB},
  year = 	 {1998}
}

@PhdThesis{Cou,
  author = 	 {T. Coupaye},
  title = 	 {Un mod\`ele d'ex\'ecution param\'etrique pour syst\`emes de bases de donn\'ees actifs},
  school = 	 {Universit\'e Joseph Fourier},
  year = 	 {1996}
}


@PhdThesis{Rib,
  author = 	 {H.G. Ribeiro},
  title = 	 {{Service de R\`egles Actives pour F\'ederation Base de Donn\'ees}},
  school = 	 {Universit\'e Joseph Fourier},
  month = {july},
  year = 	 {2000}
}


@PhdThesis{Var00,
  author = 	 {G. Vargas-Solar},
  title = 	 {{Service d'Événements Flexible pour l'Intégration d'Applications Bases de Données Réparties}},
  school = 	 {Universit\'e Joseph Fourier},
  month = {december},
  year = 	 {2000}
}

@InProceedings{ECOOP00,
  author = 	 {C. Collet},
  title = 	 {{The NODS Project: Networked Open Database Services}},
  booktitle = 	 {Proc. of the 14th European Conference on
Object-Oriented Programming (ECOOP 2000)- Symposium on Objects and
Databases},
  year = 	 {2000},
  address = 	 {Cannes, France},
  month = 	 {June},
  note = 	
{http://www-lsr.imag.fr/Les.Groupes/storm/NODS/index.html}
}

@inproceedings{HaKh97,
AUTHOR		="E. Hanson and S. Khosla",
TITLE		="{An Introduction to TriggerMan Asynchronous Trigger Processor}",
BOOKTITLE	= "{Proceedings of the Third Int. Workshop on Rules in Databases}",
MONTH		= {June}, 
YEAR		=1997,
ADDRESS		= "Skövde"
}


@TechReport{FGD97,
  author =       {H. Frithschi and S. Gatziu and K.R. Dittrich},
  title =        {FRAMBOISE -- An Approach to Construct Active
                  Database Mechanisms},
  institution =  {Department of Computer Science, University of Zurich},
  year =         {1997},
  type =      {Technical Report},
  number =    {97.04},
  address =   {Zurich},
  month =     {April}
}

@inproceedings{KKBB97,
AUTHOR		="A. Koschel and R. Kramer and G.  Bültzingslöwen and
                  T. Bleibel and  P. Krumlinde and  S. Schmuck and C. Wein",
TITLE		="{Configuration Active Functionality for CORBA}",
BOOKTITLE	= "{Proceedings of the ECOOP97 Workshop}",
  OPTnote       = "{CORBA: Implementation, Use and Evaluation}",
 MONTH		= {June},
YEAR		= 1997,
ADDRESS		= "Jyväskulä, Finnland"
}

@INCOLLECTION{BKLW99,
    AUTHOR       = {G.von Bützingsloewen and A. Koschel and P.C. Lockemann and H.-D. Walter},
     editor =    {Paton, N. W.},  
    TITLE        = {{ECA Functionality in a Distributed Environment}},  
    BOOKTITLE   =  {Active Rules in
     Database Systems, Monographs in Computer Science},
    YEAR         = 1998,
    PUBLISHER =  {Springer Verlag}
}

@Article{SoftBench,
  author = 	 {M.R. Cagan},
  title = 	 {The {HP} {SoftBench} environment: an architecture for a new generation of software tools},
  journal = 	 {Hewlett-Packard Journal: technical information from the laboratories of Hewlett-Packard Company},
  year = 	 {1990},
  volume = 	 {3},
  number = 	 {41}, 
  month = 	 {June}
}
@Book{ToolTalk,
  author = 	 {A.M. Julienne and B. Holtz},
  title = {ToolTalk and open protocols, inter-application communication},
  publisher = 	 {Prentice-Hall},
  year = 	 {1994},
  address = 	 {New Jersey}
}

@Article{DecFuse,
  author = 	 {R.O. Hart and G. Lupton},
  title = 	 {DEC FUSE: Building a graphical software development environment from UNIX tools},
  journal = 	 {Digital Technical Journal of Digital Equipment Corporation},
  year = 	 {1995},
  volume = 	 {7},
  number = 	 {2},
  month = 	 {Srping}
}
@Misc{TIBCO,
  key = 	 {TIBCO},
  author = 	 {TIBCO Inc.},
  title = 	 {Rendezvous Information Bus},
  year = 	 {1996},
  note = 	 {http://www.rv.tibco.com/rvwhitepaper.html}
}


@Misc{USENET,
  key = 	 {USENET},
  Tauthor = 	 {B. Kantor and P. Lapsley},
  Ttitle = 	 {Network News Transfer Protocol - A Proposed Standard for the Stream-Based Transmission of News},
  howpublished = {Internet Requests For Comments (RFC)977},
  month = 	 {February},
  year = 	 {1986}
}
@book{Flanagan,
  editor =       "Flanagan",
  title =        "{JAVA in a nutshell}",
  publisher =    {O'Reilly},
  year =         1997,
  note=          "O'Reilly andssociates, Inc. "
}



@Misc{MOMS,
  key = 	 {MOM},
  publisher = 	 {{Message Oriented Middleware Association}},
  title = 	 {{MOMA Educational Information: A Middleware Taxonomy}},
  howpublished = {http://www.moma-inc.org/},
  year = 	 {1998},
  note = 	 {White paper.}
}

@book{OMG96,
  editor =       "OMG",
  title =        "{The Common Object Request Broker Architecture and Specification}",
 
  year =         1997,

  publisher=          "Object Management Group"
}

@InProceedings{CLD99,
  author = 	 {S. Chakravarthy and R. Le and R Dasari},
  title = 	 {ECA Rule Processing in Distributed and Heterogeeous Environments},
  booktitle = {International Symposium on Distributed Objects and Applications (DOA)},
  year = 	 {1999},
  address = 	 {Edinburgh, Scotland},
  month = 	 {5-6th September},
}

@article{Hsi92,
  author    = {David K. Hsiao},
  title     = {Federated Databases and Systems: Part I - A Tutorial on Their
               Data Sharing},
  journal   = {VLDB Journal},
  volume    = {1},
  number    = {1},
  year      = {1992},
  pages     = {127-179},
  bibsource = {DBLP, http://dblp.uni-trier.de}
}

@InProceedings{BFM99,
  author = 	 {Mokrane Bouzeghoub and Françoise Fabret and Maja Matulovic-Broqué},
  title = 	 {{Modeling the Data Warehouse Refreshment Process as a Workflow Application}},
  booktitle = 	 {Proceedings of the Intl. Workshop on Design and Management of Data Warehouses, DMDW},
  year = 	 {1999}
}

