%____________________________________________________________________________
% Unbundled active mechanisms
%____________________________________________________________________________
@Article{DS96,
  author =       {Database Systems},
  title =        {Breaking Out of the Box},
  journal =      {ACM Workshop on Strategic
Directions in Computing Research.Report of Database Working Group},
  year =         {1996}
}

@inproceedings{BKK96,
AUTHOR		="G. Bültzingsloewen and A. Koschel and R. Kramer",
TITLE		="{Active Information Delivery in a CORBA-based
                  Distributed Information System}",
BOOKTITLE	= "{Prceedings of the First IFICS International Conference on
                  Cooperative Information Systems CoopIS96}",
MONTH		= {June},
YEAR		=1996,
ADDRESS		= "Brussels, Belgium"
}

@TechReport{FGD97,
  author =       {H. Frithschi and S. Gatziu and K.R. Dittrich},
  title =        {FRAMBOISE -- An Approach to Construct Active
                  Database Mechanisms},
  institution =  {Department of Computer Science, University of Zurich},
  year =         {1997},
  type =      {Technical Report},
  number =    {97.04},
  address =   {Zurich},
  month =     {April}
}

@inproceedings{KKBB97,
AUTHOR		="A. Koschel and R. Kramer and G.  Bültzingslöwen and
                  T. Bleibel and  P. Krumlinde and  S. Schmuck and C. Wein",
TITLE		="{Configuration Active Functionality for CORBA}",
BOOKTITLE	= "{Proceedings of the ECOOP97 Workshop}",
  OPTnote       = "{CORBA : Implementation, Use and Evaluation}",
 MONTH		= {June},
YEAR		= 1997,
ADDRESS		= "Jyväskulä, Finnland"
}

@inproceedings{HaKh97,
AUTHOR		="E. Hanson and S. Khosla",
TITLE		="{An Introduction to TriggerMan Asynchronous Trigger Processor}",
BOOKTITLE	= "{Proceedings of the Third Int. Workshop on Rules in Databases}",
MONTH		= {June}, 
YEAR		=1997,
ADDRESS		= "Skövde"
}

@inproceedings{PDWC94,
AUTHOR		="N.W Paton and O. Diaz and M.H. Williams and J.
                  Campin and A. Dinn and A. Jaime",
TITLE		="{Dimensions of Active Behaviour }",
BOOKTITLE	= "{Proceedings of the First Int. Workshop on Rules in Database
                  Systems. Workshops in Computing, Springer-Verlag}",
YEAR		=1994
}

@article{GKBF98,
author = {S. Gatziu and A. Koschel and G.  Bültzingsloewen and H. Fritschi},
title = {{Unbundling Active Functionality}},
journal = {ACM SIGMOD RECORD},
volume = {},
number = {},
 annote =    {Forschungszentrum Informatik, Karlsruhe},
month = {March},
year = 1998
}

@inproceedings{KGFB98,
author = {A. Koschel and S. Gatziu and H. Fritschi and G.  Bültzingsloewen},
title = {{Applying the unbundling process to active database systems}},
BOOKTITLE	= "{Proceedings of the Int. Workshop on Issues and Applications of database Technology}",
address = {Berlin, Germany},
month = {July 6-9},
YEAR = 1998
}

@Unpublished{Kappel,
  author =       {G. Kappel and W. Retschitzegger},
  title =        {The TriGS Active Object-Oriented Database System - An Overview},
  school =  {University of Linz},
  adress =         {Austria},
  year =      {1998}
}

@TechReport{KRR98,
  author =       {G. Kappel and S. Rausch{-Schott} and W. Retschitzegger},
  title =        {{A Tour on the TriGS Active Database System -
                  Architecture and Implementation}},
  institution =  {Johannes Kepler Univ. of Linz, Austria},
  year =         {1998}

}

