@article{ reichert98adept,
    author = "Manfred Reichert and Peter Dadam",
    title = "{ADEPT} flex -Supporting Dynamic Changes of Workflows Without Losing Control",
    journal = "Journal of Intelligent Information Systems",
    volume = "10",
    number = "2",
    pages = "93-129",
    year = "1998"
}




@InProceedings{HRBSD00,
  author = 	 {C. Hensinger and M. Reichert and Th. Bauer and Th. Strzeletz and P. Dadam },
  title = 	 {{ADEPTworkflow - Advanced Workflow Technology for the Efficient Support of Adaptive, Enterprise-wide Processes }},
  booktitle = 	 {VII. Conference on Extending Database Technology, Demotrack, Konstanz, Germany},
  year = 	 {2000}
}

@Article{SHB98,
  author = 	 {A. Shet and Y. Han and C. Bussler},
  title = 	 {{A Taxonomy of Adaptive Workflow Management}},
  journal = 	 {Workshop of the ACM Conference
    on Computer Supported Cooperative Work, Seattle, WA, USA},
  year = 	 {1998}
}

@PhdThesis{EDM,
  author = 	 {D. Edmond},
  title = 	 {Applications of {R}eflection for {C}ooperative {I}nformation {S}ystems},
  school = 	 {Faculty of Information Technology Queensland University of Technology},
  year = 	 {2000},
}

@InProceedings{WSR,
  author = 	 {S. Wheater and S. Shrivastava and F. Ranno},
  title = 	 {{OPENflow: A CORBA Based Transactional Workflow System}},
  booktitle = 	 {Advances in Distributed Systems},
  year = 	 {1999},
}

@InProceedings{ReDa,
  author = 	 {M. Reichert and P. Dadam},
  title = 	 {{A Framework for Dynamic Changes in Workflow Management Systems}},
  booktitle = 	 {Proc. 8th Int'l Workshop on Database and Expert Systems Applications, DEXA'97, Toulouse, France},
  year = 	 {1997},
}

@Article{Joo,
  author =       "S. Joosten",
  title =        {{Conceptual Theory for Workflow Management Support Systems}},
  institution =  "Centre for Telematic and Information Technology", 
  year =         "1995"
}


@Article{CCPP98,
  author = 	 {F. Casati and S. Ceri and B. Pernici and G. Pozzi},
  title = 	 {{W}orkflow {E}volution},
  journal = 	 {Data \& Knowledge Engineering},
  year = 	 {1998},
  volume = 	 {24},
  number = 	 {3},
}

@Article{All,
  author = 	 {J. F. Allen},
  title = 	 {{Maintaining knowledge about temporal intervals}},
  journal = 	 {Communications of the ACM},
  year = 	 {1983}

}

@Unpublished{WMC,
  author = 	 {{Workflow Management Coalition}},
  title = 	 {{Terminology and Glossary}},
  url = 	 {http://www.aiim.com/wfmc},
  year = {1996}
}




@MastersThesis{Bel00,
  author = 	 {K. Belhajjame},
  title = 	 {{Services Actifs pour les Flots de Travail}},
  school = 	 {Joseph Fourier University},
  year = 	 {2000},
  note = {Rapport de DEA}

}

@InProceedings{KRRR,
  author = 	 {G. Kappel and B. Proll and S. Rausch-Schott and W. Resschitzegger},
  title = 	 {{TriGSflow: Active Object-Oriented Workflow Management}},
  booktitle = 	 {Hawaii International Conference on System Sciences},
  year = 	 {1995},
  volume = 	 {28}
}




@Article{DEA,
  author = 	 {S. Dami and J. Estublier and M. Amiour},
  title = 	 {{APEL: a Graphical Yet Executable Formalism for process Modeling}},
  journal = 	 {Automated Software Enginnering (ASE)},
  year = 	 {1997},
  volume = 	 {D},
  number = 	 {2.9}
}



@PhdThesis{Puu,
  author = 	 {J. Puustj\"arvi},
  title = 	 {{Transactional Workflows}},
  school = 	 {University of Helsinki Finland},
  year = 	 {1999}
}

@Article{KRR97,
  author = 	 {G. Kappel and S. Rausch-Schott and W. Resschitzegger},
  title = 	 {{Coordination in Workflow Management Systems - A Rule-Based Approach}},
  journal = 	 {Coordination Technology for Collaborative Applications - Organizations, Processes, and Agents, W. Conen, G. Neumann (eds.), Springer LNCS 1364},
  year = 	 {1998}
}


@Article{KRR98,
  author =       "G. Kappel and S. Rausch-Schott and W. Resschitzegger",
  title =        {{Workflow Management Frameworks}},
  institution =  {University of Linz, AUSTRIA},
  journal = {Wiley \& Sons},
  year =         "1998"

}


@Article{KRR,
  author = 	 {G. Kappel and S. Rausch-Schott and W. Resschitzegger},
  title = 	 {{A Framework for Workflow Management Systems Based on Objects, Rules and Roles}},
  journal = 	 {IEEE Bulletin of the Technical Committee on Data Engineering},
  year = 	 {1995},
  volume = 	 {18},
  number = 	 {1}

}





@InProceedings{MTP,
  author = 	 {M. Reichert and T. Bauer and P. Dadam},
  title = 	 {{Entreprise-Wide and Cross-entreprise Workflow Management: Challenges and Research Issues for Adaptive Workflows}},
  booktitle = 	 {Proceedings Workshop Enterprise-wide and Cross-enterprise Workflow Management: Concepts, Systems,
    Applications, 29. (Informatik '99)},
  year = 	 {1999}
}

@InProceedings{WES,
  author = 	 {M. Weske},
  title = 	 {{Adaptive Workflows based on Flexible Assignment of Workflow Schemas and Workflow Instances}},
  booktitle = 	 {In P. Dadam, M. Reichert (Editors): GI-Workshop Proceedings, Informatik '99 "Enterprise-wide and Cross-enterprise Workflow Management: Concepts, Systems, Applications},
  year = 	 {1999}
}

@InProceedings{BCL,
  author = 	 {M. Berndtsson and S. Chakravarthy and B. Lings},
  title = 	 {{Cooperative Problem Solving: A new Direction for Active Databases}},
  booktitle = 	 {Proceedings of the International Symposium on Cooperative Database Systems for Advanced Applications},
  year = 	 {1997}
}

@Book{KBu95,
  author =       "S. Khoshafian and M. Buckiewiez",
  title =        {{Groupware et Workflow}},
  PUBLISHER = "Masson",
  Year = 1998
  }

@Book{PAM99,
  author =       "P. A. Muller",
  title =        {{Mod\`elisation objet avec UML}},
  PUBLISHER = "Eyrolles",
  Year = 1999
  }





@InProceedings{CCP96,
  author = 	 {F. Casati and S. Ceri and B. Pernici and G. Pozzi},
  title = 	 {{Deriving Active Rules for Workflow Enactment}},
  booktitle = 	 {Database and Expert Systems Applications, 7th International Conference, DEXA '96, Zurich, Switzerland, Proceedings},
  year = 	 {1996}
}


@InProceedings{CCPP95,
  author = 	 {F. Casati and
                  S. Ceri and
                  B. Pernici and
                  G. Pozzi},
  title = 	 {{Conceptual Modelling of WorkFlows}},
  booktitle = 	 {Object-Oriented and Entity-Relationship Modelling,
14th International Conference, Gold Coast, Australia},
  year = 	 {1995}
}

@inproceedings{CCPP96,
  author    = {F. Casati and
               S. Ceri and
               B. Pernici and
               G. Pozzi},
  title     = {{Semantic Workflow Interoperability}},
  booktitle = {Advances in Database Technology - EDBT'96, 5th International
               Conference on Extending Database Technology, Avignon, France,
               Proceedings},
  publisher = {Springer},
  series    = {Lecture Notes in Computer Science},
  volume    = {1057},
  year      = {1996},
  isbn      = {3-540-61057-X}
}

@inproceedings{CFP,
  author    = {S. Ceri and
               P. Fraternali and
               S. Paraboschi},
  title     = {{Data-Driven, One-To-One Web Site Generation for Data-Intensive Applications}},
  booktitle = {VLDB'99, Proceedings of 25th International Conference on Very
               Large Data Bases, September 7-10, 1999, Edinburgh, Scotland,
               UK},
  publisher = {Morgan Kaufmann},
  year      = {1999},
  isbn      = {1-55860-615-5}
}

@MastersThesis{Vil,
  author = 	 {M. Villanova},
  title = 	 {{Int\'egration de processus pour le contr\^ole, la coordination et la communication des activit\'es au c{\oe}ur des Syst\`emes d'Information Multim\'edias Distribu\'es}},
  school = 	 {Laboratoire LSR-IMAG},
  year = 	 {1999}
}


@InProceedings{KWA,
  author = 	 {J. Klingemann and J. Wäsch and  K. Aberer},
  title = 	 {{Adaptive Outsourcing in Cross-Organizational Workflows}},
  booktitle = 	 {Advanced Information Systems Engineering, 11th International Conference CAiSE'99},
  year = 	 {1999},
  volume = 	 {1626}
}

@MastersThesis{AGB,
  author = 	 {B. Adriana-Gonz\'alez-Beltr\'an},
  title = 	 {{Un Service de Coop\'eration Dans les Bases d'Objets Distribu\'es}},
  school = 	 {Univ\'ersit\'e Joseph Fourier},
  year = 	 {1998}
}


@PhdThesis{RSa,
  author = 	 {M. Romero-Salcedo},
  title = 	 {{Alliance sur l'internet: Support pour l'\'edition coop\'erative de documents structur\'es sur un r\'eseau \`a grande distance}},
  school = 	 {Institut National Polytechnique de Grenoble},
  year = 	 {1998}
}

@Article{AMo,
  author = 	 {M. Adiba and F. Mocellin},
  title = 	 {{STORM: une approche \`a objets pour les bases de donn\'ees multim\'edias}},
  journal = 	 {Technique et science informatiques},
  year = 	 {1997},
  volume = 	 {16},
  number = 	 {7/1997}
}

@InProceedings{,
  author = 	 {M. Adiba and J. Zechinelli-Martini},
  title = 	 {{Spatio-Temporal Multimedia Presentations as Database Objects}},
  booktitle = 	 {Database and Expert Systems Applications, 10th International Conference, DEXA '99,},
  year = 	 {1999},
  volume = 	 {1677}
}

@InProceedings{Alo,
  author = 	 {G. Alonso},
  title = 	 {{The Role of Database Technology in Workflow Management Systems (Panel Position Paper)}},
  booktitle = 	 {Proceedings of the First IFCIS International Conference on Cooperative Information Systems (CoopIS'96)},
  year = 	 {1996}
}


@TechReport{TGD,
  author = 	 {D. Tombros and A. Geppert and K. Dittrich},
  title = 	 {{The Broker/Services Model for the Design of Cooperative Process-Oriented Environments}},
  institution =  {University of Zurich},
  year = 	 {1997}
}


@InProceedings{MAGKR,
  author = 	 {C. Mohan and G. Alonso and R. Günthör and M. Kamath and and B. Reinwald},
  title = 	 {{An Overview of the Exotica Research Project on Workflow Management Systems}},
  booktitle = 	 {Proc. 6th International Workshop on High Performance Transaction Systems, Asilomar},
  year = 	 {1995}
}

@Article{MAGK,
  author = 	 {C. Mohan and G. Alonso and R. Günthör and M. Kamath},
  title = 	 {{Exotica: A Research Perspective ob Workflow Management Systems}},
  journal = 	 {IEEE Data Engineering Bulletin},
  year = 	 {1995},
  volume = 	 {18},
  number = 	 {1}

}

@InProceedings{AMGAAK,
  author = 	 {G. Alonso and G. Mohan and C. Guenthoer and R. Agrawal and A. El Abbadi and A. Kamath},
  title = 	 {{Exotica/FMQM: A Persistent Message-Based Architecture for Distributed Workflow Management}},
  booktitle = 	 {Working Conference on Information Systems for Decentralized Organizations, Trondheim},
  year = 	 {1995}
}

@Misc{Hol,
  author = 	 {D. Hollingsworth},
  title = 	 {{The Workflow Reference Model}},
  institution =  {Workflow Management Coalition},
  howpublished = {http://www.aiim.org/wfmc/},
  year = 	 {1995}
}




@InProceedings{MGKS,
  author = 	 {O. Mylopoulos and A. Gal and K. Kontogiannis and M. Stanley},
  title = 	 {{A Generic Integration Architecture for Cooperative Information Systems}},
  booktitle = 	 {Proceedings of the First IFCIS International Conference on Cooperative Information Systems (CoopIS'96)},
  year = 	 {1996}
}

@TechReport{SGU,
  author = 	 {G. S\'anchez-Gutiérrez},
  title = 	 {{The WIDE Workflow Model and Language}},
  institution =  {WIDE},
  year = 	 {1997},
  note = 	 {2$^{eme}$ version}
}

@techreport{GKT96,
   AUTHOR = {A. Geppert and M. Kradolfer and D. Tombros},
   TITLE = "{EVE, Event Engine for Workflow Enactment in Distributed
Environments}", 
   institution = {University of Zurich - Switzerland},
   year      = 1996,
    address   = {Department of Computer Science},
   number    = {96.05},
   type      = {Technical Report}
}

@Unpublished{MSA,
  author = 	 {S. Mcconnell and O. SARL},
  title = 	 {{Negotiation Facility}},
  note = 	 {Supported by: Xerox Corporation, IN-LIne Sotware, Fraunhofer Gesellshaft IML and Imperial college London},
  year = 	 {1999}
}

@Misc{WOW,
  title = 	 {Workflow on the Web, http://sunsite.informatik.rwth-aachen.de/WFBib/wf-bib-net.html},
  athor = {http://sunsite.informatik.rwth-aachen.de/WFBib/wf-bib-net.html},
  address = {http://sunsite.informatik.rwth-aachen.de/WFBib/wf-bib-net.html}
}

@Article{GMy,
  author = 	 {A. Gal and J. Mylopoulos},
  title = 	 {{Supporting Distributed Autonomous Information Services Using Coordination}},
  journal = 	 {International Journal of Cooperative Information Systems},
  year = 	 {2000},
}


@InProceedings{VGBA,
  author = 	 {J. Vonk and P. Grefen and E. Boertjes and P. Apers},
  title = 	 {{Distributed Global Transaction Support for Workflow Management Applications}},
  booktitle = 	 {DEXA},
  year = 	 {1999}
}

@Article{KAD,
  author = 	 {P. Koksal, S. Arpinar, A. Dogac},
  title = 	 {{W}orkflow {H}istory {M}anagement},
  journal = 	 {SIGMOD},
  year = 	 {1998},
  volume = 	 {27},
  number = 	 {1},
}



@Article{JBu96,
  author = 	 {S. Jablonski and C. Bussler},
  title = 	 {{Workflow Management: Modeling concept, Architecture and Implementation}},
  journal = 	 {International Thomson Computer Press}},
  year = 	 {1996},
}

@Misc{MOH,
  author = 	 {C. Mohan},
  title = 	 {{Workflow Management in the Internet Age}},
  note = 	 {Talk/Tutorial},
}


@Misc{Hol95,
  author = 	 {D. Hollingsworth},
  title = 	 {The Workflow Reference Model},
  month = 	 {Jan},
  year = 	 {1995},
  note = {Workflow Management Coalition}
}


@InBook{BCK97,
  author = 	 {F. Bounaas and M. Chabre-Peccoud and P. Cunin and J. Giraudin and P. Morat and D. Rieu},
  editor = 	 {Chabane Oussalah},
  title = 	 {Ingénierie objet: Concepts et techniques},
  chapter = 	 {objets et méta-modélisation},
  publisher = 	 {Masson, Paris},
  year = 	 {1997},
}


@Misc{WMC98,
  author = 	 {{Workflow Management Coalition}},
  title = 	 {{Workflow and Internet: Catalysts for Radical Change}},
  howpublished = {http://www.aiim.org/wfmc/},
  month = 	 {June},
  year = 	 {1998},
  note = 	 {A WFMC White Paper},
}


@InProceedings{CDTA,
  author = 	 {I. Cingil and A. Dogac and N. Tatbul and S. Arpina},
  title = 	 {{An Adaptable Workflow System Architecture on the Internet for Electronic Commerce Applications}},
  booktitle = 	 {International Symposium on Distributed Objects and Applications},
  year = 	 {1999}
}

@InProceedings{AFHLSW,
  author = 	 {G. Alonso and U. Fiedler and C. Hagen and A. Lazcano and H. Schuldt and N. Weiler},
  title = 	 {{WISE: Business to Business E-Commerce}},
  booktitle = 	 {Proceedings of the Ninth International Workshop on Research Issues on Data Engineering: Information Technology for Virtual
Enterprises},
  year = 	 {1999}
}


@PhdThesis{Tom99,
  author = 	 {D. Tombros},
  title = 	 {{An Event- and Repository-Based Component Framework for Workflow System Architecture}},
  school = 	 {Department of Information Technology, University of Zurich, Switzerland},
  month = {november},
  year = 	 {1999}
}


@PhdThesis{Kra00,
  author = 	 {M. Kradolfer},
  title = 	 {{A Workflow Metamodel Supporting Dynamic, Reuse-based Model Evolution }},
  school = 	 {Department of Information Technology, University of Zurich, Switzerland},
  month = {mai},
  year = 	 {2000}
}

@InProceedings{LeRo94,
  author = 	 {F. Leymann and D. Roller},
  title = 	 {{Bussines Process Management using FlowMark}},
  booktitle = 	 {In Proceedings 39th IEEE Computer Conference, San Francisco, USA},
  year = 	 {1994},
  publisher = {IEEE Computer Society Press}
}

