@Misc{XML00,
  author = 	 {W3C},
  title = 	 {{Extensible Markup Language (XML)}},
  howpublished = {http://www.w3.org/XML},
  year = 	 {2000}
}

@inproceedings{Abi99,
  author    = {Serge Abiteboul},
  title     = {On Views and XML},
  booktitle = {Proceedings of the Eighteenth ACM SIGACT-SIGMOD-SIGART Symposium
               on Principles of Database Systems, May 31 - June 2, 1999, Philadelphia,
               Pennsylvania},
  publisher = {ACM Press},
  year      = {1999},
  isbn      = {1-58113-062-7},
  pages     = {1-9},
  bibsource = {DBLP, http://dblp.uni-trier.de}
}