%%%% PEWS Works

@inproceedings{BaAM06,   
  author    = {Cheikh Ba and
               Mirian Halfeld-Ferrari and
               Martin Alejandro Musicante},
  title     = {Composing {W}eb {S}ervices with {PEWS}: {A} {T}race-{T}heoretical {A}pproach},
  booktitle = {ECOWS},
  year      = {2006},
  pages     = {65-74},
  ee        = {http://doi.ieeecomputersociety.org/10.1109/ECOWS.2006.12},
  crossref  = {DBLP:conf/ecows/2006},
  bibsource = {DBLP, http://dblp.uni-trier.de}
}

@article{BaCAM05,
  author    = {Cheikh Ba and
               Marcos Aur{\'e}lio Carrero and
               Mirian Halfeld-Ferrari and
               Martin Alejandro Musicante},
  title     = {{PEWS}: {A} {N}ew {L}anguage for {B}uilding {W}eb {S}ervice {I}nterfaces},
  journal   = {J. UCS},
  volume    = {11},
  number    = {7},
  year      = {2005},
  pages     = {1215-1233},
  ee        = {http://www.jucs.org/jucs_11_7/pews_a_new_language},
  bibsource = {DBLP, http://dblp.uni-trier.de}
}

@inproceedings{BaF08,
  author    = {Cheikh Ba and
               M\'{\i}rian Halfeld Ferrari},
  title     = {Dependence {G}raphs for {V}erifications of {W}eb {S}ervice {C}ompositions
               with {PEWS}},
  booktitle = {SAC},
  year      = {2008},
  pages     = {2387-2391},
  ee        = {http://doi.acm.org/10.1145/1363686.1364253},
  crossref  = {DBLP:conf/sac/2008},
  bibsource = {DBLP, http://dblp.uni-trier.de}
}


@inproceedings{MPC08,
  author    = {Martin A. Musicante and
               Edinardo Potrich and
               Marcos Aur{\'e}lio Carrero},
  title     = {A programming environment for web services},
  booktitle = {SAC},
  year      = {2008},
  pages     = {2363-2367},
  ee        = {http://doi.acm.org/10.1145/1363686.1364249},
  crossref  = {DBLP:conf/sac/2008},
  bibsource = {DBLP, http://dblp.uni-trier.de}
}


@Article{Placido2010LTPD,
  author = 	 {Pl{\'a}cido A. Souza Neto and
  			  Martin Musicante and
  			  Genoveva Vargas-Solar and
               Jos{\'e}-Luis Zechinelli-Martini},
  title = 	 {Adding {C}ontracts to a {W}eb {S}ervice {C}omposition {L}anguage},
  journal = 	 {{LTPD} - 4th {W}orkshop on {L}anguages and {T}ools for {M}ultithreaded, {P}arallel and {D}istributed {P}rogramming},
  year = 	 {2010},
  OPTkey = 	 {},
  OPTvolume = 	 {},
  OPTnumber = 	 {},
  OPTpages = 	 {},
  month = 	 {September},
  OPTnote = 	 {},
  OPTannote = 	 {}
}

%%%% Methodologies 

@TechReport{soma,
  author = 	 {Ali Arsanjani},
  title = 	 {{SOMA:} {S}ervice-{O}riented {M}odeling and {A}rchitecture},
  institution =  {IBM},
  year = 	 {2004},
  OPTkey = 	 {},
  OPTtype = 	 {},
  OPTnumber = 	 {},
  address = 	 {Dispon√≠vel em <http://www.ibm.com/developerworks/library/ws-soa-design1/>},
  OPTmonth = 	 {},
  OPTnote = 	 {},
  OPTannote = 	 {}
}

@book{sommerville08,
  author = 	 {Ian Sommerville},
  ALTeditor = 	 {Roger Trimer},
  title = 	 {Software Engineering 6th Edition},
  publisher = 	 {Addison Wesley},
  year = 	 {2008},
  OPTkey = 	 {},
  OPTvolume = 	 {},
  OPTnumber = 	 {},
  OPTseries = 	 {},
  OPTaddress = 	 {},
  OPTedition = 	 {},
  OPTmonth = 	 {},
  OPTnote = 	 {},
  OPTannote = 	 {}
}

@article{PapazoglouH06,
  author    = {Mike P. Papazoglou and
               Willem-Jan van den Heuvel},
  title     = {Service-oriented design and development methodology},
  journal   = {Int. J. Web Eng. Technol.},
  volume    = {2},
  number    = {4},
  year      = {2006},
  pages     = {412-442},
  ee        = {http://dx.doi.org/10.1504/IJWET.2006.010423},
  bibsource = {DBLP, http://dblp.uni-trier.de}
}
 
@inproceedings{Gervais02,
  author    = {Marie-Pierre Gervais},
  title     = {Towards an MDA-Oriented Methodology},
  booktitle = {COMPSAC},
  year      = {2002},
  pages     = {265-270},
  ee        = {http://doi.ieeecomputersociety.org/10.1109/CMPSAC.2002.1044561},
  crossref  = {DBLP:conf/compsac/2002},
  bibsource = {DBLP, http://dblp.uni-trier.de}
}

@Book{somf,
  author = 	 {Michael Bell},
  OPTeditor = 	 {},
  title = 	 {Service-Oriented Modeling (SOA): Service Analysis, Design, and Architecture},
  publisher = 	 {John Wiley},
  year = 	 {2008},
  OPTkey = 	 {},
  OPTvolume = 	 {},
  OPTnumber = 	 {},
  OPTseries = 	 {},
  OPTaddress = 	 {},
  OPTedition = 	 {},
  OPTmonth = 	 {},
  OPTnote = 	 {},
  OPTannote = 	 {}
}

@PhdThesis{cdl2006,
  author = 	 {Nikola Milanovic},
  title = 	 {Contract-based Web Service Composition},
  school = 	 {Humboldt-Universit√§t zu Berlin},
  year = 	 {2006},
  OPTkey = 	 {},
  OPTtype = 	 {},
  OPTaddress = 	 {},
  OPTmonth = 	 {},
  OPTnote = 	 {},
  OPTannote = 	 {}
}

@article{MilanovicM06,
  author    = {Nikola Milanovic and
               Miroslaw Malek},
  title     = {Search Strategies for Automatic Web Service Composition},
  journal   = {Int. J. Web Service Res.},
  volume    = {3},
  number    = {2},
  year      = {2006},
  pages     = {1-32},
  ee        = {http://www.igi-pub.com/articles/details.asp?ID=5964},
  bibsource = {DBLP, http://dblp.uni-trier.de}
}

@inproceedings{Milanovic06,
  author    = {Nikola Milanovic},
  title     = {Service Engineering Design Patterns},
  booktitle = {SOSE},
  year      = {2006},
  pages     = {19-26},
  ee        = {http://doi.ieeecomputersociety.org/10.1109/SOSE.2006.33},
  crossref  = {DBLP:conf/sose/2006},
  bibsource = {DBLP, http://dblp.uni-trier.de}
}

@inproceedings{Milanovic05,
  author    = {Nikola Milanovic},
  title     = {Contract-Based Web Service Composition Framework with Correctness
               Guarantees},
  booktitle = {ISAS},
  year      = {2005},
  pages     = {52-67},
  ee        = {http://dx.doi.org/10.1007/11560333_5},
  crossref  = {DBLP:conf/isas/2005},
  bibsource = {DBLP, http://dblp.uni-trier.de}
}

@inproceedings{MilanovicM05,
  author    = {Nikola Milanovic and
               Miroslaw Malek},
  title     = {Architectural Support for Automatic Service Composition},
  booktitle = {IEEE SCC},
  year      = {2005},
  pages     = {133-140},
  ee        = {http://doi.ieeecomputersociety.org/10.1109/SCC.2005.30},
  crossref  = {DBLP:conf/IEEEscc/2005},
  bibsource = {DBLP, http://dblp.uni-trier.de}
}


@inproceedings{Papazoglou03,
  author    = {Mike P. Papazoglou},
  title     = {Service-{O}riented {C}omputing: {C}oncepts, {C}haracteristics and
               {D}irections},
  booktitle = {WISE},
  year      = {2003},
  pages     = {3-12},
  ee        = {http://csdl.computer.org/comp/proceedings/wise/2003/1999/00/19990003abs.htm},
  crossref  = {DBLP:conf/wise/2003},
  bibsource = {DBLP, http://dblp.uni-trier.de}
}

@inproceedings{FeuerlichtM05,
  author    = {George Feuerlicht and
               Sooksathit Meesathit},
  title     = {Towards Software Development Methodology for Web Services},
  booktitle = {SoMeT},
  year      = {2005},
  pages     = {263-277},
  crossref  = {DBLP:conf/somet/2005},
  bibsource = {DBLP, http://dblp.uni-trier.de}
}


@MISC{Ramollari_asurvey,
    author = {Ervin Ramollari and Dimitris Dranidis and Anthony J. H. Simons},
    title = {A Survey of Service Oriented Development Methodologies},
    year = {}
}

@proceedings{somet2005,
  editor    = {Hamido Fujita and 
               Mohamed Mejri},
  title     = {New Trends in Software Methodologies, Tools and Techniques
               - Proceedings of the Fifth SoMeT 2005, September 28-30,
               2005, Tokyo, Japan},
  booktitle = {SoMeT},
  publisher = {IOS Press},
  series    = {Frontiers in Artificial Intelligence and Applications},
  volume    = {129},
  year      = {2005},
  bibsource = {DBLP, http://dblp.uni-trier.de}
}

@article{CastroMV11,
  author    = {Valeria de Castro and
               Esperanza Marcos and
               Juan M. Vara},
  title     = {Applying CIM-to-PIM model transformations for the service-oriented
               development of information systems},
  journal   = {Information {\&} Software Technology},
  volume    = {53},
  number    = {1},
  year      = {2011},
  pages     = {87-105},
  ee        = {http://dx.doi.org/10.1016/j.infsof.2010.09.002},
  bibsource = {DBLP, http://dblp.uni-trier.de}
} 

@inproceedings{LeavensCCRC02,
  author    = {Gary T. Leavens and
               Yoonsik Cheon and
               Curtis Clifton and
               Clyde Ruby and
               David R. Cok},
  title     = {How the Design of JML Accomodates Both Runtime Assertion
               Checking and Formal Verification},
  booktitle = {FMCO},
  year      = {2002},
  pages     = {262-284},
  ee        = {http://dx.doi.org/10.1007/978-3-540-39656-7_11},
  crossref  = {DBLP:conf/fmco/2002},
  bibsource = {DBLP, http://dblp.uni-trier.de}
}

@INPROCEEDINGS{HL05TACoS,
  AUTHOR = {R. Heckel and M. Lohmann},
  TITLE = {Towards Contract-based Testing of Web Services.},
  BOOKTITLE = { Proceedings of the International Workshop on Test and Analysis of
	Component Based Systems (TACoS 2004)},
  YEAR = {2005},
  EDITOR = {Mauro Pezz\'e},
  VOLUME = {116},
  PAGES = {145-156},
  EE = {http://dx.doi.org/10.1016/j.entcs.2004.02.073},
  JOURNAL = {Electr. Notes Theor. Comput. Sci.},
  PARTNER = {ULEICES},
  URL = {http://www.cs.le.ac.uk/people/rh122/papers/2005/HL05TACoS.pdf}
}

@inproceedings{AbrialLNSS91,
  author = {Abrial, Jean-Raymond and Lee, Matthew K. O. and Neilson, David and Scharbach, P. N. and Sørensen, Ib Holm},
  editor = {Prehn, Søren and Toetenel, W. J.},
  booktitle = {VDM Europe (2)},
  crossref = {conf/fm/1991-2},
  interhash = {3d3f41abe5c466a0bcb532757cb977a1},
  intrahash = {3ef54de458d697e758d5d3edeae6eea5},
  pages = {398-405},
  publisher = {Springer},
  series = {Lecture Notes in Computer Science},
  title = {The B-Method.},
  OPTurl = {},
  volume = 552,
  year = 1991,
  timestamp = {2009-10-07T00:00:00.000+0200}, 
  keywords = {dblp},
  ee = {http://dx.doi.org/10.1007/BFb0020001},
  added-at = {2009-10-07T00:00:00.000+0200},
  description = {dblp},
  isbn = {3-540-54868-8},
  biburl = {http://www.bibsonomy.org/bibtex/23ef54de458d697e758d5d3edeae6eea5/dblp},
  date = {2009-10-07}
}