@misc{Contracts,
	title = {Code Contracts},
	url   = {http://research.microsoft.com/en-us/projects/contracts/},
	 author = {Microsoft},
	howpublished = {http://research.microsoft.com/en-us/projects/contracts/}
}

@book{Ale01,
	title = {Modern C++ Design: Generic Programming and Design Patterns Applied},
	isbn = {978-0201704310},
	author = {Andrei Alexandrescu},
	year = {2001},
	editor = {Addison-Wesley}
}

@article{Dustdar05,
	title = {A survey on web services composition},
	volume = {1},
	issn = {1741-1106},
	url = {http://portal.acm.org/citation.cfm?id=1358538},
	doi = {{10.1504/IJWGS.2005.007545}},
	number = {1},
	journal = {International Journal of Web and Grid Services},
	author = {Schahram Dustdar and Wolfgang Schreiner},
	year = {2005},
	pages = {1--30}
}

@article{VanBe07,
	title = {Business process management: Where business processes and web services meet},
	volume = {61},
	url = {http://dx.doi.org/10.1016/j.datak.2006.04.005},
	doi = {http://dx.doi.org/10.1016/j.datak.2006.04.005},
	number = {1},
	journal = {Data Knowledge Engineering},
	author = {Wil M. P van der Aalst and Boualem Benatallah and Fabio Casati and Francisco Curbera and Erick Verbeek},
	year = {2007},
	pages = {1--5}
}

@inproceedings{VargasGaZe04,
	title = {Towards aspect oriented services coordination for building modern information systems},
	isbn = {0-7695-2160-6},
	url = {http://dx.doi.org/10.1109/ENC.2004.1342627},
	doi = {{http://dx.doi.org/10.1109/ENC.2004.1342627}},
	booktitle = {Proceedings of the International Mexican Conference in Computer Science {ENC04}},
	publisher = {{IEEE} Computer Society},
	author = {Genoveva {Vargas-Solar} and Luciano {García-Banuelos} and {Jose-Luis} {Zechinelli-Martini}},
	year = {2004},
	pages = {353--360}
}


@misc{W3C,
	title = {W3C Standards},
	url   = {http://www.w3.org/},
	 author = {W3C},
	howpublished = {http://www.w3.org/}
}

@misc{OReilly,
	title = {What Is Web 2.0 - {O'Reilly} Media},
	url = {http://oreilly.com/web2/archive/what-is-web-20.html},
	howpublished = {http://oreilly.com/web2/archive/what-is-web-20.html}
}

@article{LazcanoAlSc2000,
	title = {The {WISE} approach to Electronic Commerce},
	volume = {15},
	url = {http://citeseerx.ist.psu.edu/viewdoc/summary?doi=10.1.1.36.1689},
	journal = {{INTERNATIONAL} {JOURNAL} {OF} {COMPUTER} {SYSTEMS} {SCIENCE} \& {ENGINEERING,} {SPECIAL} {ISSUE} {ON} {FLEXIBLE} {WORKFLOW} {TECHNOLOGY} {DRIVING} {THE} {NETWORKED} {ECONOMY}},
	author = {A. Lazcano and G. Alonso and H. Schuldt and C. Schuler},
	year = {2000},
	pages = {2000}
}

@inproceedings{PortillaVaGa08,
	address = {Mexicali, Mexico},
	title = {Verifying Atomicity Requirements of Services Coordination Using B},
	doi = {{http://doi.ieeecomputersociety.org/10.1109/ENC.2008.11}},
	booktitle = {Mexican International Conference on Computer Science},
	publisher = {{IEEE} Computer Society},
	author = {Alberto Portilla and Genoveva {Vargas-Solar} and Luciano {Garcia-Banuelos} and Christine Collet and {José-Luis} {Zechinelli-Martini}},
	year = {2008},
	pages = {238--248}
}

@inproceedings{PortillaCoVa06,
	address = {Delhi, India},
	title = {Towards a transactional services coordination model},
	doi = {{10.1109/IDEAS.2006.44}},
	booktitle = {2006 10th International Database Engineering and Applications Symposium {(IDEAS'06)}},
	author = {Alberto Portilla and Christine Collet and Genoveva {Vargas-Solar}},
	year = {2006},
	pages = {319--320}
}

@inproceedings{VuCoVa06,
	title = {Defining and modelling secure service-based systems},
	volume = {{LNCS} 4275},
	booktitle = {In Proceedings of the Cooperative Information Systems {(CoopIS)} 2006 International Conference},
	publisher = {Springer Verlag},
	author = {{Thi-Huong-Giang} Vu and Christine Collet and Genoveva {Vargas-Solar}},
	year = {2006},
	pages = {391 -- 407}
}

@misc{Bonita,
	title = {The Open Source {BPM} Company},
	url = {http://www.bonitasoft.com/},
	author = {{BonitaSoft}},
	howpublished = {http://www.bonitasoft.com/}
}

@misc{Coco,
	title = {The Compiler Generator {Coco/R}},
	url = {http://www.ssw.uni-linz.ac.at/Research/Projects/Coco/},
	author = {{SSW}},
	howpublished = {{http://www.ssw.uni-linz.ac.at/Research/Projects/Coco/}}
}



@inproceedings{CoupayeCo98,
	title = {Semantics Based Implementation of Flexible Execution Models for Active Database Systems},
	url = {http://citeseer.ist.psu.edu/coupaye98semantics.html},
	booktitle = {Proc. 14eme Journees Bases de Donnees Avancees, {BDA}},
	author = {Thierry Coupaye and Christine Collet},
	year = {1998}
}


@inproceedings{bel:var:col,
author	=	{Khalid Belhajjame and Genoveva Vargas-Solar and Christine Collet},
title	=	{{Defining and coordinating open-services using workflows}},
year	=	{2003},
month	=	{Novembre},
booktitle	=	{{Proceedings of the Eleventh International Conference on Cooperative Information Systems (COOPiS03)}},
number	=	{2519},
publisher	=	{Lecture Notes in Computer Science},
address	=	{Catania Sicily-Italy}}

@inproceedings{kha:han:zhe,
 author = {K. Khan and J. Han and Y. Zheng},
 title = {Characterising User Data Protection of Software Components},
 booktitle = {Proceedings of the 2000 Australian Software Engineering Conference},
 year = {2000},
 isbn = {0-7695-0631-3},
 pages = {255},
 publisher = {IEEE Computer Society},
 address = {WCanberra, Australia},
 }

@inproceedings {CIC:ptjICDEw08,
	title = {Building reliable mobile services based applications},
	booktitle = {Proceedings of the 24th International Conference on Data  Engineering Workshops (ICDE)},
	address = {Cancun, Mexico},
	year = {2008},
	month = {April},
	publisher = {IEEE Computer Society},
	pages = {121-128},
	author = {Portilla , Alberto and Hanh , Tan and Espinosa-Oviedo , Javier-Alfonso}
}
