
@article{Krakatoa,
  author    = {Claude March{\'e} and
               Christine Paulin-Mohring and
               Xavier Urbain},
  title     = {The KRAKATOA tool for certificationof JAVA/JAVACARD programs
               annotated in JML},
  journal   = {J. Log. Algebr. Program.},
  volume    = {58},
  number    = {1-2},
  year      = {2004},
  pages     = {89-106},
  ee        = {http://dx.doi.org/10.1016/j.jlap.2003.07.006},
  bibsource = {DBLP, http://dblp.uni-trier.de}
} 

@article{CostaMMN09,
  author    = {Umberto Souza da Costa and
               Anamaria Martins Moreira and
               Martin A. Musicante and
               Pl{\'a}cido A. Souza Neto},
  title     = {Specification and Runtime Verification of Java Card Programs},
  journal   = {Electr. Notes Theor. Comput. Sci.},
  volume    = {240},
  year      = {2009},
  pages     = {61-78},
  ee        = {http://dx.doi.org/10.1016/j.entcs.2009.05.045},
  bibsource = {DBLP, http://dblp.uni-trier.de}
}

@article{CostaMMN12,
  author    = {Umberto Souza da Costa and
               Anamaria Martins Moreira and
               Martin A. Musicante and
               Pl{\'a}cido A. Souza Neto},
  title     = {JCML: A specification language for the runtime verification
               of Java Card programs},
  journal   = {Sci. Comput. Program.},
  volume    = {77},
  number    = {4},
  year      = {2012},
  pages     = {533-550},
  ee        = {http://dx.doi.org/10.1016/j.scico.2010.03.003},
  bibsource = {DBLP, http://dblp.uni-trier.de}
}

@inproceedings{FilliatreM07,
  author    = {Jean-Christophe Filli{\^a}tre and
               Claude March{\'e}},
  title     = {The Why/Krakatoa/Caduceus Platform for Deductive Program
               Verification},
  booktitle = {CAV},
  year      = {2007},
  pages     = {173-177},
  ee        = {http://dx.doi.org/10.1007/978-3-540-73368-3_21},
  crossref  = {DBLP:conf/cav/2007},
  bibsource = {DBLP, http://dblp.uni-trier.de}
}

@book{Chen:2000,
 author = {Chen, Zhiqun},
 title = {Java Card Technology for Smart Cards: Architecture and Programmer's Guide},
 year = {2000},
 isbn = {0201703297},
 publisher = {Addison-Wesley Longman Publishing Co., Inc.},
 address = {Boston, MA, USA},
} 

@TechReport{apiJavaCard,
  author = 	 {SUN Microsystems},
  title = 	 {API specification — Java Card platform application programming interface specification, Version 2.2.1},
  institution =  {Sun Microsystems},
  year = 	 {2005},
  OPTkey = 	 {},
  OPTtype = 	 {},
  OPTnumber = 	 {},
  OPTaddress = 	 {},
  OPTmonth = 	 {},
  OPTnote = 	 {},
  OPTannote = 	 {}
}

@TechReport{ortiz,
  author = 	 {Ortiz, C. Enrique},
  title = 	 {An introduction to Java Card technology},
  institution =  {Sun Microsystems},
  year = 	 {2005},
  OPTkey = 	 {},
  OPTtype = 	 {},
  OPTnumber = 	 {},
  OPTaddress = 	 {},
  OPTmonth = 	 {},
  OPTnote = 	 {},
  OPTannote = 	 {}
}

@inproceedings{Rebelo,
 author = {Reb\^{e}lo, Henrique and Coelho, Roberta and Lima, Ricardo and Leavens, Gary T. and Huisman, Marieke and Mota, Alexandre and Castor, Fernando},
 title = {On the interplay of exception handling and design by contract: an aspect-oriented recovery approach},
 booktitle = {Proceedings of the 13th Workshop on Formal Techniues for Java-Like Programs},
 series = {FTfJP '11},
 year = {2011},
 isbn = {978-1-4503-0893-9},
 location = {Lancaster, United Kingdom},
 pages = {7:1--7:6},
 articleno = {7},
 numpages = {6},
 url = {http://doi.acm.org/10.1145/2076674.2076681},
 doi = {10.1145/2076674.2076681},
 acmid = {2076681},
 publisher = {ACM},
 address = {New York, NY, USA},
} 

@Manual{jml,
  title =	 {{JML} Reference Manual},
  author =	 {Gary T. Leavens and Erik Poll and Curtis Clifton and
                  Yoonsik Cheon and Clyde Ruby and David Cok and Peter
                  MÃ¼ller and Joseph Kiniry and Patrice Chalin and
                  Daniel M. Zimmerman},
  month =	 {May},
  year =	 2008,
  OPTnote =	 {}
}

@inbook{Leavens_2007, title={Tutorial on JML, the java modeling language}, url={http://doi.acm.org/10.1145/1321631.1321747}, booktitle={Proceedings of the twentysecond IEEEACM international conference on Automated software engineering}, publisher={ACM Press}, author={Leavens, Gary T}, year={2007}, pages={573}}  

@TECHREPORT{Bhorkar,
    author = {Abhay Bhorkar},
    title = {A Run-time Assertion Checker for Java using JML},
    institution = {Department of Computer Science, Iowa State University},
    year = {2000}
}

@book{Rankl,
 author = {Rankl, W. and Effing, Wolfgang},
 title = {Smart Card Handbook},
 year = {1997},
 isbn = {0471967203},
 edition = {1st},
 publisher = {John Wiley \& Sons, Inc.},
 address = {New York, NY, USA},
} 

@article{Meyer92,
  author    = {Bertrand Meyer},
  title     = {Applying "Design by Contract"},
  journal   = {IEEE Computer},
  volume    = {25},
  number    = {10},
  year      = {1992},
  pages     = {40-51},
  ee        = {http://doi.ieeecomputersociety.org/10.1109/2.161279},
  bibsource = {DBLP, http://dblp.uni-trier.de}
}

@TechReport{sun2008,
  author = 	 {SUN Microsystems},
  title = 	 {Runtime Environment Specification — Java Card platform runtime environment specification, Version 3.0},
  institution =  {SUN Microsystems},
  year = 	 {2008},
  OPTkey = 	 {},
  OPTtype = 	 {},
  OPTnumber = 	 {},
  OPTaddress = 	 {},
  OPTmonth = 	 {},
  OPTnote = 	 {},
  OPTannote = 	 {}
}

@inproceedings{Cacho:2008,
 author = {Cacho, Nelio and Filho, Fernando Castor and Garcia, Alessandro and Figueiredo, Eduardo},
 title = {EJFlow: taming exceptional control flows in aspect-oriented programming},
 booktitle = {Proceedings of the 7th international conference on Aspect-oriented software development},
 series = {AOSD '08},
 year = {2008},
 isbn = {978-1-60558-044-9},
 location = {Brussels, Belgium},
 pages = {72--83},
 numpages = {12},
 url = {http://doi.acm.org/10.1145/1353482.1353492},
 doi = {10.1145/1353482.1353492},
 acmid = {1353492},
 publisher = {ACM},
 address = {New York, NY, USA},
 keywords = {aspect-oriented programming, exception control flow, exception handling, metrics, modularity},
} 

@inproceedings{Cacho:2008b,
 author = {Cacho, Nelio and Cottenier, Thomas and Garcia, Alessandro},
 title = {Improving robustness of evolving exceptional behaviour in executable models},
 booktitle = {Proceedings of the 4th international workshop on Exception handling},
 series = {WEH '08},
 year = {2008},
 isbn = {978-1-60558-229-0},
 location = {Atlanta, Georgia},
 pages = {39--46},
 numpages = {8},
 url = {http://doi.acm.org/10.1145/1454268.1454274},
 doi = {10.1145/1454268.1454274},
 acmid = {1454274},
 publisher = {ACM},
 address = {New York, NY, USA},
 keywords = {aspect-oriented programming, exception control flow, exception handling, model-driven software development, modularity},
} 

@inproceedings{RobillardM00,
  author    = {Martin P. Robillard and
               Gail C. Murphy},
  title     = {Designing robust Java programs with exceptions},
  booktitle = {SIGSOFT FSE},
  year      = {2000},
  pages     = {2-10},
  ee        = {http://portal.acm.org/citation.cfm?id=355045.355046},
  bibsource = {DBLP, http://dblp.uni-trier.de}
}

@article{Robillard:2003,
 author = {Robillard, Martin P. and Murphy, Gail C.},
 title = {Static analysis to support the evolution of exception structure in object-oriented systems},
 journal = {ACM Trans. Softw. Eng. Methodol.},
 issue_date = {April 2003},
 volume = {12},
 number = {2},
 month = apr,
 year = {2003},
 issn = {1049-331X},
 pages = {191--221},
 numpages = {31},
 url = {http://doi.acm.org/10.1145/941566.941569},
 doi = {10.1145/941566.941569},
 acmid = {941569},
 publisher = {ACM},
 address = {New York, NY, USA},
 keywords = {Error handling, exception flow, exception handling, exception structure, program evolution, static analysis},
} 

@inproceedings{Vallee-RaiGHLPS00,
  author    = {Raja Vall{\'e}e-Rai and
               Etienne Gagnon and
               Laurie J. Hendren and
               Patrick Lam and
               Patrice Pominville and
               Vijay Sundaresan},
  title     = {Optimizing Java Bytecode Using the Soot Framework: Is It
               Feasible?},
  booktitle = {CC},
  year      = {2000},
  pages     = {18-34},
  ee        = {http://dx.doi.org/10.1007/3-540-46423-9_2},
  crossref  = {DBLP:conf/cc/2000},
  bibsource = {DBLP, http://dblp.uni-trier.de}
}